%editor="Sammut, Claude and Webb, Geoffrey I.",
@Inbook{Craw2010,
author="Craw, Susan",
title="Manhattan Distance",
bookTitle="Encyclopedia of Machine Learning",
year="2010",
publisher="Springer US",
address="Boston, MA",
pages="639--639"
}

@book{han2012mining,
  author = {Han, Jiawei and Kamber, Micheline and Pei, Jian},
  isbn = {0123814790},
  publisher = {Morgan Kaufmann Publishers},
  title = {Data mining concepts and techniques, third edition},
   year = 2012
}

@inproceedings{hamming:12,
author = {Norouzi, Mohammad and Fleet, David J. and Salakhutdinov, Ruslan},
title = {Hamming Distance Metric Learning},
year = {2012},
publisher = {Curran Associates Inc.},
booktitle = {Proceedings of the 25th International Conference on Neural Information Processing Systems - Volume 1},
pages = {1061â€“1069},

}

@ARTICLE{cnn:68,
  author={Hart, P.},
  journal={IEEE Transactions on Information Theory}, 
  title={The condensed nearest neighbor rule (Corresp.)}, 
  year={1968},
  volume={14},
  number={3},
  pages={515-516},
  }

@INPROCEEDINGS{nnsrm:2003,
  author={Hamza, A.B. and Krim, H. and Karacali, B.},
  booktitle={2003 International Conference on Multimedia and Expo. ICME '03. Proceedings (Cat. No.03TH8698)}, 
  title={Structural risk minimization using nearest neighbor rule}, 
  year={2003},
  volume={1},
  }

@article{XU2020104,
title = {Real-time road traffic state prediction based on kernel-KNN},
journal = {Transportmetrica A Transport Science},
volume = {16},
number = {1},
pages = {104-118},
year = {2020},
author = {Dongwei Xu and Yongdong Wang and Peng Peng and Shen Beilun and Zhang Deng and Haifeng Guo},
}

@article{CHEN201878,
title = {A Nonnegative Locally Linear KNN model for image recognition},
journal = {Pattern Recognition},
volume = {83},
pages = {78-90},
year = {2018},
author = {Si-Bao Chen and Yu-Lan Xu and Chris H.Q. Ding and Bin Luo},
}

@article{GOYAL201415,
title = {Suitability of KNN Regression in the Development of Interaction based Software Fault Prediction Models},
journal = {IERI Procedia},
volume = {6},
pages = {15-21},
year = {2014},
note = {2013 International Conference on Future Software Engineering and Multimedia Engineering (ICFM 2013)},
author = {Rinkaj Goyal and Pravin Chandra and Yogesh Singh},

}

@article{CHEN2021932.e1,
title = {Voice Disorder Identification by using Hilbert-Huang Transform (HHT) and K Nearest Neighbor (KNN)},
journal = {Journal of Voice},
volume = {35},
number = {6},
pages = {932.e1-932.e11},
year = {2021},
author = {Lili Chen and Chaoyu Wang and Junjiang Chen and Zejun Xiang and Xue Hu},

}
