@inproceedings{coello2002mopso,
  title={MOPSO: A proposal for multiple objective particle swarm optimization},
  author={Coello, CA Coello and Lechuga, Maximino Salazar},
  booktitle={Proceedings of the 2002 Congress on Evolutionary Computation. CEC'02 (Cat. No. 02TH8600)},
  volume={2},
  pages={1051--1056},
  year={2002},
  organization={IEEE}
}

@inproceedings{KocaguneliEtAl2013,
	author = {Kocaguneli, E. and Cukic, B. and Menzies, T. and Lu	, H.},
	title = {Building a Second Opinion: learning cross-company data},
	booktitle = {Proceedings of the 9th International Conference on Predictive Models in Software Engineering ({PROMISE})},
	pages = {12.1-10},
	year = {2013}
}


@article{KocaguneliEtAl2013-2,
    author 		= {Kocaguneli, E. and Menzies, T. and Keung, J. and Cok, D. and Madachy, R.},
    title 		= {Active learning and effort estimation: Finding the essential content of software effort estimation data},
    journal 	= {{IEEE}  Transactions on Software Engineering ({TSE})},
    volume = {39},
    number = {8},
    pages = {1040--1053},
    year = {2013},
}


%%PSO
@inproceedings{kennedy1995particle,
  title={Particle swarm optimization},
  author={Kennedy, James and Eberhart, Russell},
  booktitle={Proceedings of ICNN'95-international conference on neural networks},
  volume={4},
  pages={1942--1948},
  year={1995},
  organization={IEEE}
}

@inproceedings{shi2001particle,
  title={Particle swarm optimization: developments, applications and resources},
  author={Shi, Yuhui and others},
  booktitle={Proceedings of the 2001 congress on evolutionary computation (IEEE Cat. No. 01TH8546)},
  volume={1},
  pages={81--86},
  year={2001},
  organization={IEEE}
}

@inproceedings{shi1999empirical,
  title={Empirical study of particle swarm optimization},
  author={Shi, Yuhui and Eberhart, Russell C},
  booktitle={Proceedings of the 1999 congress on evolutionary computation-CEC99 (Cat. No. 99TH8406)},
  volume={3},
  pages={1945--1950},
  year={1999},
  organization={IEEE}
}

@book{eberhart2001swarm,
  title={Swarm intelligence},
  author={Eberhart, Russell C and Shi, Yuhui and Kennedy, James},
  year={2001},
  publisher={Elsevier}
}

@article{imran2013overview,
  title={An overview of particle swarm optimization variants},
  author={Imran, Muhammad and Hashim, Rathiah and Abd Khalid, Noor Elaiza},
  journal={Procedia Engineering},
  volume={53},
  pages={491--496},
  year={2013},
  publisher={Elsevier}
}

@book{janeza2009pso,
  title={Particle Swarm Optimization},
  author={Lazinica, Alexandar and Trdine, Janeza},
  year={2009},
  publisher={IntechOpen}
}

@book{yang2010nature,
  title={Nature Inspired Metaheuristic Algorithms Second Edition},
  author={Yang, Xin-She},
  year={2010},
  publisher={Luniver Press}
}

@book{erick2021matlab,
  title={Metaheuristic Computation with MATLAB},
  author={Cuevas, Erik and Rodirguez, Alma},
  year={2021},
  publisher={CRC Press}
}

@book{erick2016optimizacion,
  title={OPTIMIZACION, Algoritmos programados con MATLAB},
  author={Cuevas, Erik and Ozuna, Jose and Oliva, Diego and Diaz, Margarita},
  year={2016},
  publisher={Alfaomega}
}

@book{coello2007evolutionary,
  title={Evolutionary algorithms for solving multi-objective problems},
  author={Coello, Carlos A Coello and Lamont, Gary B and Van Veldhuizen, David A and others},
  volume={5},
  year={2007},
  publisher={Springer}
}

@article{bingul2011dynamic,
author = {Bing\"{u}l, Zafer and Karahan, O\u{g}uzhan},
title = {Dynamic Identification of Staubli RX-60 Robot Using PSO and LS Methods},
year = {2011},
issue_date = {April, 2011},
publisher = {Pergamon Press, Inc.},
address = {USA},
volume = {38},
number = {4},
issn = {0957-4174},
url = {https://doi.org/10.1016/j.eswa.2010.09.076},
doi = {10.1016/j.eswa.2010.09.076},
journal = {Expert Syst. Appl.},
month = apr,
pages = {4136â€“4149},
numpages = {14},
keywords = {Least squares, PSO, Dynamic model of robot, Inertial parameters}
}

@article{abdalla2017mobile,
title={Mobile robot navigation using PSO-optimized fuzzy artificial potential field with fuzzy control},
author={Abdalla, Turki Y and Abed, Ali A and Ahmed, Alaa A},
journal={Journal of Intelligent \& Fuzzy Systems},
volume={32},
number={6},
pages={3893--3908},
year={2017},
publisher={IOS Press}
}

@article{zeng2016path,
title={Path planning for intelligent robot based on switching local evolutionary PSO algorithm},
author={Zeng, Nianyin and Zhang, Hong and Chen, Yanping and Chen, Binqiang and Liu, Yurong},
journal={Assembly Automation},
year={2016},
publisher={Emerald Group Publishing Limited}
}

@article{wang2015trajectory,
title={Trajectory planning of free-floating space robot using Particle Swarm Optimization (PSO)},
author={Wang, Mingming and Luo, Jianjun and Walter, Ulrich},
journal={Acta Astronautica},
volume={112},
pages={77--88},
year={2015},
publisher={Elsevier}
}

@article{mahor2012short,
title={Short term generation scheduling of cascaded hydro electric system using novel self adaptive inertia weight PSO},
author={Mahor, Amita and Rangnekar, Saroj},
journal={International Journal of Electrical Power \& Energy Systems},
volume={34},
number={1},
pages={1--9},
year={2012},
publisher={Elsevier}
}

@article{bahrami2014short,
title={Short term electric load forecasting by wavelet transform and grey model improved by PSO (particle swarm optimization) algorithm},
author={Bahrami, Saadat and Hooshmand, Rahmat-Allah and Parastegari, Moein},
journal={Energy},
volume={72},
pages={434--442},
year={2014},
publisher={Elsevier}
}

@article{mesbahi2016dynamical,
title={Dynamical modeling of Li-ion batteries for electric vehicle applications based on hybrid Particle Swarm--Nelder--Mead (PSO--NM) optimization algorithm},
author={Mesbahi, Tedjani and Khenfri, Fouad and Rizoug, Nassim and Chaaban, Khaled and Bartholomeues, Patrick and Le Moigne, Philippe},
journal={Electric power systems research},
volume={131},
pages={195--204},
year={2016},
publisher={Elsevier}
}

@article{mozafar2017simultaneous,
title={A simultaneous approach for optimal allocation of renewable energy sources and electric vehicle charging stations in smart grids based on improved GA-PSO algorithm},
author={Mozafar, Mostafa Rezaei and Moradi, Mohammad H and Amini, M Hadi},
journal={Sustainable cities and society},
volume={32},
pages={627--637},
year={2017},
publisher={Elsevier}
}

@article{sedighizadeh2009particle,
  title={Particle swarm optimization methods, taxonomy and applications},
  author={Sedighizadeh, Davoud and Masehian, Ellips},
  journal={International journal of computer theory and engineering},
  volume={1},
  number={5},
  pages={486},
  year={2009},
  publisher={IACSIT Press}
}

@article{garcia2012brief,
  title={A brief historical review of particle swarm optimization (PSO)},
  author={Garcia-Gonzalo, Esperanza and Fernandez-Martinez, Juan Luis},
  journal={Journal of Bioinformatics and Intelligent Control},
  volume={1},
  number={1},
  pages={3--16},
  year={2012},
  publisher={American Scientific Publishers}
}

@article{sousa2017review,
  title={A review of velocity-type PSO variants},
  author={Sousa-Ferreira, Ivo and Sousa, Duarte},
  journal={Journal of Algorithms \& Computational Technology},
  volume={11},
  number={1},
  pages={23--30},
  year={2017},
  publisher={SAGE Publications Sage UK: London, England}
}

@article{kameyama2009particle,
  title={Particle swarm optimization-a survey},
  author={Kameyama, Keisuke},
  journal={IEICE transactions on information and systems},
  volume={92},
  number={7},
  pages={1354--1361},
  year={2009},
  publisher={The Institute of Electronics, Information and Communication Engineers}
}

@book{clerc2010particle,
  title={Particle swarm optimization},
  author={Clerc, Maurice},
  volume={93},
  year={2010},
  publisher={John Wiley \& Sons}
}

@incollection{clerc2012beyond,
  title={Beyond standard particle swarm optimisation},
  author={Clerc, Maurice},
  booktitle={Innovations and Developments of Swarm Intelligence Applications},
  pages={1--19},
  year={2012},
  publisher={IGI Global}
}

@incollection{spears2012biases,
  title={Biases in particle swarm optimization},
  author={Spears, William M and Green, Derek T and Spears, Diana F},
  booktitle={Innovations and developments of swarm intelligence applications},
  pages={20--43},
  year={2012},
  publisher={IGI Global}
}

@article{mendes2004population,
  title={Population topologies and their influence in particle swarm performance},
  author={Mendes, Rui},
  journal={PhD Final Dissertation, Departamento de Inform{\'a}tica Escola de Engenharia Universidade do Minho},
  year={2004},
  publisher={Citeseer}
}

@inproceedings{shi2001fuzzy,
  title={Fuzzy adaptive particle swarm optimization},
  author={Shi, Yuhui and Eberhart, Russell C},
  booktitle={Proceedings of the 2001 congress on evolutionary computation (IEEE Cat. No. 01TH8546)},
  volume={1},
  pages={101--106},
  year={2001},
  organization={IEEE}
}

@inproceedings{knowles1999pareto,
  title={The pareto archived evolution strategy: A new baseline algorithm for pareto multiobjective optimisation},
  author={Knowles, Joshua and Corne, David},
  booktitle={Proceedings of the 1999 Congress on Evolutionary Computation-CEC99 (Cat. No. 99TH8406)},
  volume={1},
  pages={98--105},
  year={1999},
  organization={IEEE}
}

@inproceedings{deb2000fast,
  title={A fast elitist non-dominated sorting genetic algorithm for multi-objective optimization: NSGA-II},
  author={Deb, Kalyanmoy and Agrawal, Samir and Pratap, Amrit and Meyarivan, Tanaka},
  booktitle={International conference on parallel problem solving from nature},
  pages={849--858},
  year={2000},
  organization={Springer}
}

@inproceedings{nebro2009smpso,
  title={SMPSO: A new PSO-based metaheuristic for multi-objective optimization},
  author={Nebro, Antonio J and Durillo, Juan Jos{\'e} and Garcia-Nieto, Jose and Coello, CA Coello and Luna, Francisco and Alba, Enrique},
  booktitle={2009 IEEE Symposium on computational intelligence in multi-criteria decision-making (MCDM)},
  pages={66--73},
  year={2009},
  organization={IEEE}
}

@article{mokarram2018new,
  title={A new PSO-based algorithm for multi-objective optimization with continuous and discrete design variables},
  author={Mokarram, Vahid and Banan, Mohammad Reza},
  journal={Structural and Multidisciplinary Optimization},
  volume={57},
  number={2},
  pages={509--533},
  year={2018},
  publisher={Springer}
}

@article{lalwani2013comprehensive,
  title={A comprehensive survey: Applications of multi-objective particle swarm optimization (MOPSO) algorithm},
  author={Lalwani, Soniya and Singhal, Sorabh and Kumar, Rajesh and Gupta, Nilama},
  journal={Transactions on combinatorics},
  volume={2},
  number={1},
  pages={39--101},
  year={2013},
  publisher={University of Isfahan}
}

@article{clerc2002particle,
  title={The particle swarm-explosion, stability, and convergence in a multidimensional complex space},
  author={Clerc, Maurice and Kennedy, James},
  journal={IEEE transactions on Evolutionary Computation},
  volume={6},
  number={1},
  pages={58--73},
  year={2002},
  publisher={IEEE}
}

@article{Zadeh1973,
title={Outline of a new approach to the analysis of complex systems and decision processes},
author={L. A. Zadeh},
journal={IEEE Trans. Syst., Man, Cybern},
volume={3},
pages={28--44},
year={1973},
publisher={IEEE}
}

@article{Sugeno1985,
title={Fuzzy identification of systems and its applications to modeling and control},
author={T. Takagi, M. Sugeno},
journal={IEEE Trans. Syst., Man, Cybern},
volume={15},
pages={116--132},
year={1985},
publisher={IEEE}
}

@article{Jang1993,
title={ANFIS: Adaptive-Network-Based Fuzzy Inference System},
author={Jyh-Shing, Roger Jang},
journal={IEEE Trans. Syst., Man, Cybern},
volume={23},
number={3},
pages={665--685},
year={1993},
publisher={IEEE}
}