@book{FiYa38,
  title={Statistical tables for biological, agricultural and medical research.},
  author={Fisher, Ronald A and Yates, Frank},
  year={1938},
  publisher={Oliver and Boyd}
}

@book{HoSt05,
	address = {San Francisco, CA (USA)},
	author = {Holger H. Hoos and Thomas St\"utzle},
	isbn = {1-55860-872-9},
	publisher = {Morgan Kaufmann Publishers},
	title = {Stochastic Local Search -- Foundations and Applications},
	year = {2005}}


@InCollection{ToVi14,
  author = 	 {Laporte, G. and Ropke, S. and Vidal, T.},
  editor = 	 {Toth, Paolo and Vigo, Daniele},
  booktitle = 	 {Vehicle routing: problems, methods, and applications},
  title = 	 {Heuristics for the Vehicle Routing Problem},
  publisher = 	 {SIAM},
  year = 	 {2014}
}

@Inbook{Pine2012,
  title={Scheduling},
  author={Pinedo, Michael L},
  chapter={General Purpose Procedures for Deterministic Scheduling},
  volume={29},
  year={2012},
  publisher={Springer}
}

@article{FaPZ03,
  title={Guided local search for the three-dimensional bin-packing problem},
  author={Faroe, Oluf and Pisinger, David and Zachariasen, Martin},
  journal={Informs journal on computing},
  volume={15},
  number={3},
  pages={267--283},
  year={2003},
  publisher={INFORMS}
}

@InCollection{KoCL11,
author="Koziel, Slawomir
and Ciaurri, David Echeverr{\'i}a
and Leifsson, Leifur",
editor="Koziel, Slawomir
and Yang, Xin-She",
title="Surrogate-Based Methods",
booktitle="Computational Optimization, Methods and Algorithms",
year="2011",
publisher="Springer Berlin Heidelberg",
address="Berlin, Heidelberg",
ALTpages="33--59",
ALTdoi="10.1007/978-3-642-20859-1_3",
ALTurl="https://doi.org/10.1007/978-3-642-20859-1_3"
}

@article{FrSt19,
	author = {Alberto Franzin and Thomas St{\"u}tzle},
	journal = "Computers and Operations Research",
	pages = {191--206},
	title = {Revisiting simulated annealing: A component-based analysis},
	volume = {104},
	year = {2019}}

@article{IIKM05,
  title={Effective local search algorithms for routing and scheduling problems with general time-window constraints},
  author={Ibaraki, Toshihide and Imahori, Shinji and Kubo, Mikio and Masuda, Tomoyasu and Uno, Takeaki and Yagiura, Mutsunori},
  journal={Transportation science},
  volume={39},
  number={2},
  pages={206--232},
  year={2005},
  publisher={INFORMS}
}


@book{GlLa97,
	author = {Fred Glover and Manuel Laguna},
	publisher = {Kluwer Academic Publishers},
	title = {Tabu search},
	year = {1997}}

@incollection{VoTA10,
  title={Guided local search},
  author={Voudouris, Christos and Tsang, Edward PK and Alsheddy, Abdullah},
  booktitle={Handbook of metaheuristics},
  pages={321--361},
  year={2010},
  publisher={Springer}
}

@article{AEOP02,
	author = {Ahuja, R. and Ergun, {\"O} and Orlin, J. and Punnen, A.},
	journal = "Discrete Applied Mathematics",
	pages = {75--102},
	title = {A survey of very-large-scale neighborhood search techniques},
	volume = {123},
	year = {2002}}

@article{BCDS21,
	author = {Ruggero Bellio and Sara Ceschia and Luca {Di Gaspero} and Andrea Schaerf},
	issn = {0305-0548},
	journal = {Computers \& Operations Research},
	pages = 105300,
	title = {Two-stage multi-neighborhood simulated annealing for uncapacitated examination timetabling},
	volume = 132,
	year = 2021}
