
@article{LuqueEtAl2019,
author = {A. Luque and A. Carrasco and A. Martin and A. {de las Heras}},
title = {The impact of class imbalance in classification performance metrics based on the binary confusion matrix},
journal = {Pattern Recognition},
volume = {91},
year = {2019},
pages = {216--231}
}



@article{CawleyTalbot2010,
author = {G. C. Cawley and N. L. C. Talbot},
title = {On Over-fitting in Model Selection and Subsequent Selection Bias in
Performance Evaluation},
journal = {Journal of Machine Learning Research},
volume = {11},
year = {2010},
pages = {2079--2107}
}



@article{AUC,
author = {T. Fawcett},
title = {An introduction to {ROC} analysis},
journal = {Pattern Recognition Letters},
volume = {27},
year = {2006},
pages = {861--874}
}
