@article{moon1996expectation,
  title={The expectation-maximization algorithm},
  author={Moon, Todd K},
  journal={IEEE Signal processing magazine},
  volume={13},
  number={6},
  pages={47--60},
  year={1996},
  publisher={IEEE}
}

@article{do2008expectation,
  title={What is the expectation maximization algorithm?},
  author={Do, Chuong B and Batzoglou, Serafim},
  journal={Nature biotechnology},
  volume={26},
  number={8},
  pages={897--899},
  year={2008},
  publisher={Nature Publishing Group}
}

@techreport{dellaert2002expectation,
  title={The expectation maximization algorithm},
  author={Dellaert, Frank},
  year={2002},
  institution={Georgia Institute of Technology}
}

@article{dempster1977maximum,
  title={Maximum likelihood from incomplete data via the EM algorithm},
  author={Dempster, Arthur P and Laird, Nan M and Rubin, Donald B},
  journal={Journal of the Royal Statistical Society: Series B (Methodological)},
  volume={39},
  number={1},
  pages={1--22},
  year={1977},
  publisher={Wiley Online Library}
}

@article{ceppellini1955estimation,
  title={The estimation of gene frequencies in a random-mating population},
  author={CEPPELLINI, By R and Siniscalco, M and Smith, CAB},
  journal={Annals of Human Genetics},
  volume={20},
  number={2},
  pages={97--115},
  year={1955},
  publisher={Wiley Online Library}
}

@misc{Chire,
  author = {Chire},
  title = {{Cluster analysis performed on an artificial dataset ("Mouse", similar to a well-known comic figure) comparing k means and EM clustering results.}},
  howpublished = "\url{https://commons.wikimedia.org/wiki/File:ClusterAnalysis_Mouse.svg}",
  year = {2010}, 
  note = "[Online; accessed 08-September-2021]"
}

@article{tzoreff2017expectation,
  title={Expectation-maximization algorithm for direct position determination},
  author={Tzoreff, Elad and Weiss, Anthony J},
  journal={Signal processing},
  volume={133},
  pages={32--39},
  year={2017},
  publisher={Elsevier}
}

@inproceedings{li2019expectation,
  title={Expectation-maximization attention networks for semantic segmentation},
  author={Li, Xia and Zhong, Zhisheng and Wu, Jianlong and Yang, Yibo and Lin, Zhouchen and Liu, Hong},
  booktitle={Proceedings of the IEEE/CVF International Conference on Computer Vision},
  pages={9167--9176},
  year={2019}
}

@article{richardson1997bayesian,
  title={On Bayesian analysis of mixtures with an unknown number of components (with discussion)},
  author={Richardson, Sylvia and Green, Peter J},
  journal={Journal of the Royal Statistical Society: series B (statistical methodology)},
  volume={59},
  number={4},
  pages={731--792},
  year={1997},
  publisher={Wiley Online Library}
}

@misc{Smason79,
  author = {Smason79},
  title = {{Gaussian mixture example.}},
  howpublished = "\url{https://commons.wikimedia.org/wiki/File:Gaussian-mixture-example.svg}",
  year = {2010}, 
  note = "[Online; accessed 09-September-2021]"
}


@article{subudhi2020automated,
  title={Automated segmentation and classification of brain stroke using expectation-maximization and random forest classifier},
  author={Subudhi, Asit and Dash, Manasa and Sabut, Sukanta},
  journal={Biocybernetics and Biomedical Engineering},
  volume={40},
  number={1},
  pages={277--289},
  year={2020},
  publisher={Elsevier}
}

@article{lakshminarayanan2020new,
  title={A new integrated approach based on the iterative super-resolution algorithm and expectation maximization for face hallucination},
  author={Lakshminarayanan, K and Santhana Krishnan, R and Golden Julie, E and Harold Robinson, Y and Kumar, Raghvendra and Son, Le Hoang and Hung, Trinh Xuan and Samui, Pijush and Ngo, Phuong Thao Thi and Tien Bui, Dieu and others},
  journal={Applied Sciences},
  volume={10},
  number={2},
  pages={718},
  year={2020},
  publisher={Multidisciplinary Digital Publishing Institute}
}

@article{kujawinska2016,
  title={Application of expectation maximization method for purchase decision-making support in welding branch},
  author={Kujawi{\'n}ska, Agnieszka and Rogalewicz, Micha{\l} and Diering, Magdalena},
  journal={Management and Production Engineering Review},
  volume={7},
  year={2016}
}

@article{ramme2009semi,
  title={Semi-automated phalanx bone segmentation using the expectation maximization algorithm},
  author={Ramme, Austin J and DeVries, Nicole and Kallemyn, Nicole A and Magnotta, Vincent A and Grosland, Nicole M},
  journal={Journal of digital imaging},
  volume={22},
  number={5},
  pages={483--491},
  year={2009},
  publisher={Springer}
}
