@book{RussellNorvig,
	author = {S. Russell and P. Norvig},
	title = {Artificial Intelligence: A Modern Approach},
	edition = {Third},
	publisher = {Prentice Hall},
	year = {2010},
	address = {New Jersey}
}

@book{MathsForML,
	author = {M. P. Deisenroth and A. A. Faisal and C. S. Ong},
	title = {Mathematics for Machine Learning},
	publisher = {Cambridge University Press},
	year = {2020},
	url = {https://mml-book.com}
}

@book{ElementsStatisticalLearning,
	author = {T. Hastie and R. Tibshirani and J. Friedman},
	title = {The Elements of Statistical Learning: Data Mining, Inference, and Prediction},
	edition = {Second},
	publisher = {Springer},
	year = {2017}
}

@book{MLForDataStreams,
	author = {A. Bifet and R. Gavalda and G. Holmes and B. Pfahringer},
	title = {Machine Learning for Data Streams: With Practical Examples in {MOA}},
	publisher = {{MIT} Press},
	year = {2018}
}

@article{ProbabilisticLearningNature,
	author = {Z. Ghahramani},
	title = {Probabilistic Machine Learning and Artificial Intelligence},
	journal = {Nature},
	volume = {521},
	pages = {452--459},
	year = {2015}
}

@inproceedings{Spam,
	author = {M. Sahami and S. Dumais and D. Heckerman and E. Horvitz},
	title = {A Bayesian Approach to Filtering Junk E-Mail},
	booktitle = {{AAAI} Workshop on Learning for Text Categorization},
	year = {1998}
}

@article{MedicalDiagnosis,
	author = {I. Kononenko},
	title = {Machine learning for medical diagnosis: history, state of the art and perspective},
	journal = {Artificial Intelligence in Medicine},
	volume = {23},
	number = {1},
	pages = {89--109},
	year = {2001}
}

@article{SDP,
	author = {B. Turhan and A. Bener},
	title = {Analysis of Naive Bayes' assumptions on software fault data: An empirical study},
	journal = {Data \& Knowledge Engineering},
	volume = {68},
	number = {2},
	pages = {278--290},
	year = {2009}
}