% BibTeX bibliography file

@InCollection{AarKorMic2005,
  author = {E. H. L. Aarts and J. H. M. Korst and W. Michiels},
  title = {Simulated Annealing},
  booktitle = {Search Methodologies},
  editor = {E. K. Burke and G. Kendall},
  year = {2005},
  pages = {187--210},
  publisher = {Springer},
  address = {Boston, MA}
}

@Article{BurByk2017,
  author = {E. K. Burke and Y. Bykov},
  title = {The Late Acceptance Hill-Climbing Heuristic},
  journal = {European Journal of Operational Research},
  year = {2017},
  volume = {258},
  number = {1},
  pages = {70--78}
}

@Article{BurRen1984,
  author = {Burkard, R. E. and F. Rendl},
  title = {A Thermodynamically Motivated Simulation Procedure for Combinatorial
  Optimization Problems},
  journal = {European Journal of Operational Research},
  year = {1984},
  volume = {17},
  number = {2},
  pages = {169--174}
}

@Article{COnnolly1990,
  author = {Connolly, D. T.},
  title = {An Improved Annealing Scheme for the {QAP}},
  journal = {European Journal of Operational Research},
  year = {1990},
  volume = {46},
  number = {1},
  pages = {93--100},
  publisher = {Elsevier}
}

@Article{Cer85,
  author = {V. \v{C}ern\'y},
  title = {A Thermodynamical Approach to the Traveling Salesman Problem: An
  Efficient Simulation Algorithm},
  journal = {Journal of Optimization Theory and Applications},
  year = {1985},
  volume = {45},
  number = {1},
  pages = {41--51}
}

@Article{DueSch90,
  author = {G. Dueck and T. Scheuer},
  title = {Threshold Accepting: A General Purpose Optimization Algorithm
  Appearing Superior to Simulated Annealing},
  journal = {Journal of Computational Physics},
  year = {1990},
  volume = {90},
  number = {1},
  pages = {161--175}
}

@Article{FraPerStu2018ol,
  author = {A. Franzin and P{\'e}rez C{\'a}ceres, L. and T.
  St{\"u}tzle},
  title = {Effect of Transformations of Numerical Parameters in Automatic
  Algorithm Configuration},
  journal = {Optimization Letters},
  year = {2018},
  volume = {12},
  number = {8},
  pages = {1741--1753}
}

@Article{FraStu2019:cor,
  author = {A. Franzin and T. St{\"u}tzle},
  title = {Revisiting Simulated Annealing: A Component-Based Analysis},
  journal = {Computers \& Operations Research},
  year = {2019},
  volume = {104},
  pages = {191--206}
}

@Article{GemGem1984,
  author = {S. Geman and D. Geman},
  title = {Stochastic Relaxation, {Gibbs} Distributions, and the {Bayesian}
  Restoration of Images},
  journal = {IEEE Transactions on Pattern Analysis and Machine Intelligence},
  year = {1984},
  volume = {6},
  number = {6},
  pages = {721--741},
  publisher = {IEEE Press}
}

@Article{HajSas1989,
  author = {B. Hajek and G. Sasaki},
  title = {Simulated annealing--to cool or not},
  journal = {System \& Control Letters},
  year = {1989},
  volume = {12},
  number = {5},
  pages = {443--447},
  publisher = {Elsevier}
}

@Article{Hajek1988,
  author = {B. Hajek},
  title = {Cooling Schedules for Optimal Annealing},
  journal = {Mathematics of Operations Research},
  year = {1988},
  volume = {13},
  number = {2},
  pages = {311-329},
  publisher = {{INFORMS}}
}

@Article{Hoos:PbO,
  author = {Hoos, H. H.},
  title = {Programming by optimization},
  journal = {Communications of the ACM},
  year = {2012},
  month = {February},
  volume = {55},
  number = {2},
  pages = {70--80}
}

@TechReport{IRIDIA-2021-005,
  author = {A. Franzin and T. St{\"u}tzle},
  title = {A Landscape-based Analysis of Fixed Temperature and Simulated
  Annealing},
  year = {2021},
  number = {TR/IRIDIA/2021-005},
  institution = {IRIDIA, Universit{\'e} Libre de Bruxelles, Belgium},
  URL = {http://iridia.ulb.ac.be/IridiaTrSeries/IridiaTr2021-005.pdf}
}

@Article{IshMisTan1995,
  author = {Ishibuchi, H. and Misaki, S. and Tanaka, H.},
  title = {Modified simulated annealing algorithms for the flow shop sequencing
  problem},
  journal = {European Journal of Operational Research},
  year = {1995},
  volume = {81},
  number = {2},
  pages = {388--398}
}

@Article{Kirkpatrick83,
  author = {S. Kirkpatrick and C. D. Gelatt and M. P. Vecchi},
  title = {Optimization by Simulated Annealing},
  journal = {Science},
  year = {1983},
  volume = {220},
  pages = {671--680}
}

@Article{LopDubPerStuBir2016irace,
  author = {M. L{\'o}pez-Ib{\'a}{\~n}ez and J. Dubois-Lacoste
  and P{\'e}rez C{\'a}ceres, L. and T. St{\"u}tzle and M.
  Birattari},
  title = {The {\texttt{irace}} Package: Iterated Racing for Automatic
  Algorithm Configuration},
  journal = {Operations Research Perspectives},
  year = {2016},
  volume = {3},
  pages = {43--58}
}

@Article{LundyMees1986,
  author = {M. Lundy and A. Mees},
  title = {Convergence of an Annealing Algorithm},
  journal = {Mathematical Programming},
  year = {1986},
  volume = {34},
  number = {1},
  pages = {111--124}
}

@Article{MetRosRosTel53,
  author = {N. Metropolis and A. W. Rosenbluth and M. N. Rosenbluth and A.
  Teller and E. Teller},
  title = {Equation of State Calculations by Fast Computing Machines},
  journal = {Journal of Chemical Physics},
  year = {1953},
  volume = {21},
  pages = {1087--1092}
}

@Article{MosFon1990,
  author = {P. Moscato and J. F. Fontanari},
  title = {Stochastic Versus Deterministic Update in Simulated Annealing},
  journal = {Physics Letters A},
  year = {1990},
  volume = {146},
  number = {4},
  pages = {204--208},
  publisher = {Elsevier}
}

@InCollection{NikJac2010,
  author = {A. G. Nikolaev and S. H. Jacobson},
  title = {Simulated Annealing},
  booktitle = {Handbook of Metaheuristics},
  edition = {2nd},
  editor = {Michel Gendreau and Jean-Yves Potvin},
  year = {2010},
  series = {International Series in Operations Research \& Management Science},
  volume = {146},
  pages = {1--39},
  publisher = {Springer},
  address = {New York, NY}
}

@Article{PagStu2019:ejor,
  author = {F. Pagnozzi and T. St{\"u}tzle},
  title = {Automatic Design of Hybrid Stochastic Local Search Algorithms for
  Permutation Flowshop Problems},
  journal = {European Journal of Operational Research},
  year = {2019},
  volume = {276},
  pages = {409--421}
}

@Article{RomSan1991,
  author = {F. Romeo and A. Sangiovanni-Vincentelli},
  title = {A Theoretical Framework for Simulated Annealing},
  journal = {Algorithmica},
  year = {1991},
  volume = {6},
  number = {1-6},
  pages = {302--345},
  publisher = {Springer}
}

@Book{VanAar1987,
  author = {P. J. M. van Laarhoven and E. H. L. Aarts},
  title = {Simulated Annealing: Theory and Applications},
  year = {1987},
  volume = {37},
  publisher = {Springer}
}

@Article{JohAraMcGSch1989,
  author = {D. S. Johnson and C. R. Aragon and L. A. McGeoch and
  C. Schevon},
  title = {Optimization by Simulated Annealing: An Experimental Evaluation:
  Part {I}, Graph Partitioning},
  journal = {Operations Research},
  year = {1989},
  volume = {37},
  number = {6},
  pages = {865--892}
}

@Article{JohAraMcGSch1991,
  author = {D. S. Johnson and C. R. Aragon and L. A. McGeoch and
  C. Schevon},
  title = {Optimization by Simulated Annealing: An Experimental Evaluation:
  Part {II}, Graph Coloring and Number Partitioning},
  journal = {Operations Research},
  year = {1991},
  volume = {39},
  number = {3},
  pages = {378--406}
}

@InCollection{HutHooLey2011lion,
  author = {F. Hutter and H. H. Hoos and K. Leyton-Brown},
  title = {Sequential Model-Based Optimization for General Algorithm
  Configuration},
  booktitle = {Learning and Intelligent Optimization, 5th International
  Conference, LION 5},
  editor = {C. A. {Coello Coello}},
  year = {2011},
  series = {Lecture Notes in Computer Science},
  volume = {6683},
  pages = {507--523},
  publisher = {Springer},
  address = {Heidelberg}
}

@article{KooBec57,
  author = {T. C. Koopmans and M. J. Beckmann},
  title = {Assignment Problems and the Location of Economic Activities},
  journal = {Econometrica},
  volume = 25,
  pages = {53--76},
  year = 1957
  }
  
  @article{Tam1992,
  title = {A Simulated Annealing Algorithm for Allocating Space to Manufacturing Cells},
  author = { Tam, K. Y. },
  journal = {International Journal of Production Research},
  volume = 30,
  number = 1,
  pages = {63--87},
  year = 1992,
  publisher = {Taylor \& Francis}
}

@article{JajMinHarPro1992,
  title = {{CLASS}: computerized layout solutions using simulated annealing},
  author = {Jajodia, S. and Minis, I. and Harhalakis, G. and Proth, J.-M.},
  journal = {International Journal of Production Research},
  volume = 30,
  number = 1,
  pages = {95--108},
  year = 1992,
  publisher = {Taylor \& Francis}
}

@article{MasLopDubStu2014cor,
  author = { F. Mascia  and  M. L{\'o}pez-Ib{\'a}{\~n}ez  and  J. Dubois-Lacoste  and  T. St{\"u}tzle },
  title = {Grammar-Based Generation of Stochastic Local Search
                  Heuristics through Automatic Algorithm Configuration Tools},
  journal = {Computers \& Operations Research},
  year = 2014,
  doi = {10.1016/j.cor.2014.05.020},
  volume = 51,
  pages = {190--199}
}

@incollection{StuLop2019hb,
  publisher = {Springer},
  series = {International Series in Operations Research \& Management
                  Science},
  volume = 272,
  booktitle = {Handbook of Metaheuristics},
  year = 2019,
  editor = { M. Gendreau  and  J.-Y. Potvin },
  author = { T. St{\"u}tzle  and  M. L{\'o}pez-Ib{\'a}{\~n}ez },
  title = {Automated Design of Metaheuristic Algorithms},
  pages = {541--579},
  doi = {10.1007/978-3-319-91086-4_17}
}

@article{HuKahTsa95,
  author = {T. C. Hu and A. B. Kahng and C.-W. A. Tsao},
  title = {Old Bachelor Acceptance: A New Class of Non-Monotone
                  Threshold Accepting Methods},
  journal = {ORSA Journal on Computing},
  year = 1995,
  volume = 7,
  number = 4,
  pages = {417--425}
}

@article{Abramson1991,
  title = {Constructing School Timetables Using Simulated Annealing: Sequential and Parallel Algorithms},
  author = { D. Abramson },
  journal = {Management Science},
  volume = 37,
  number = 1,
  pages = {98--113},
  year = 1991,
  publisher = {{INFORMS}}
}

@article{HusStu2014cor,
  author = {M. S. Hussin and  T. St{\"u}tzle },
  title = {Tabu Search vs. Simulated Annealing for Solving
                  Large Quadratic Assignment Instances},
  journal = {Computers \& Operations Research},
  volume = 43,
  pages = {286--291},
  year = 2014
}

@article{Kirkpatrick1984,
  title = {Optimization by Simulated Annealing: Quantitative Studies},
  author = { S. Kirkpatrick },
  journal = {Journal of Statistical Physics},
  volume = 34,
  number = {5-6},
  pages = {975--986},
  year = 1984
}

@article{AbrAmoDan1999,
  title = {Simulated annealing cooling schedules for the school timetabling problem},
  author = { D. Abramson  and Amoorthy, M. K. and Dang, H.},
  journal = {Asia-Pacific Journal of Operational Research},
  volume = 16,
  number = 1,
  pages = {1--22},
  year = 1999
}

@book{Birattari09tuning,
  title = {Tuning Metaheuristics: A Machine Learning
                  Perspective},
  doi = {10.1007/978-3-642-00483-4},
  author = { M. Birattari },
  year = 2009,
  volume = 197,
  series = {Studies in Computational Intelligence},
  publisher = {Springer},
  address = {Berlin\slash Heidelberg},
  alias = {Bir09:book}
}

@incollection{BirStuPaqVar02:gecco,
  publisher = {Morgan Kaufmann Publishers, San Francisco, CA},
  editor = {W. B. Langdon and others},
  year = 2002,
  booktitle = {Proceedings of the Genetic and Evolutionary
                  Computation Conference, GECCO 2002},
  author = { M. Birattari  and  T. St{\"u}tzle  and  L. Paquete  and  K. Varrentrapp },
  title = {A Racing Algorithm for Configuring Metaheuristics},
  pages = {11--18},
  keywords = {F-race},
  epub = {https://dl.acm.org/doi/pdf/10.5555/2955491.2955494}
}

@article{MarMoo1997air,
  author = {O. Maron and A. W. Moore},
  title = {The Racing Algorithm: {Model} Selection for Lazy Learners},
  journal = {Artificial Intelligence Research},
  year = 1997,
  volume = 11,
  number = {1--5},
  pages = {193--225}
}
