
@article{metaheuristics,
	title = {Metaheuristics in Combinatorial Optimization: Overview and Conceptual Comparison},
	author = {C. Blum and A. Roli},
	journal = {{ACM} Computing Surveys},
	volume = {35},
	number = {3},
	year = {2003},
	pages = {268--308}
}

@book{heuristics,
	title = {Heuristics: Intelligent Search Strategies for Computer Problem Solving},
	author = {J. Pearl},
	publisher = {Addison-Wesley},
	year = {1984}
}