
@ARTICLE{khonen:1990,
  author={Kohonen, T.},
  journal={Proceedings of the IEEE}, 
  title={The self-organizing map}, 
  year={1990},
  volume={78},
  number={9},
  pages={1464-1480},}
  
@article{kohonen:1982,
  author = {Kohonen, Teuvo},
  journal = {Biological Cybernetics},
  number = 1,
  pages = {59--69},
  title = {Self-organized formation of topologically correct
                 feature maps},
  volume = 43,
  year = 1982
}

@book{haykin:2009,
  author = {Haykin, Simon S.},
  publisher = {Pearson Education},
  title = {Neural networks and learning machines},
  year = 2009
}

@article{Alahakoon:2000,
author = {Alahakoon, D. and Halgamuge, S. K. and Srinivasan, B.},
title = {Dynamic Self-Organizing Maps with Controlled Growth for Knowledge Discovery},
year = {2000},
publisher = {IEEE Press},
volume = {11},
number = {3},
doi = {10.1109/72.846732},
journal = {IEEE Transactions on Neural Networks},
pages = {601–614},
}


@article{pmid:24575660
,	title	= {[Application of Kohonen Self-Organizing Feature Maps in QSAR of human ADMET and kinase data sets].}
,	author	= {Hegymegi-Barakonyi, B\'alint and Orfi, L\'aszl\'o and K\'eri, Gyorgy and Kovesdi, Istv\'an}
,	journal	= {Acta pharmaceutica Hungarica}
,	journal-iso	= {Acta Pharm Hung}
,	volume	= {83}
,	number	= {4}
,	year	= {2013}
,	pages	= {143--8}
}

@article{Pratiwi2012TheUO,
  title={The Use of Self Organizing Map Method and Feature Selection in Image Database Classification System},
  author={Dian Pratiwi},
  journal={ArXiv},
  year={2012},
  volume={abs/1206.0104}
}

@inproceedings{kutlu,
author = {Kutlu, Yakup and Kuntalp, D.},
year = {2009},
month = {12},
pages = {II-129},
title = {Feature reduction method using self organizing maps},
booktitle = {ELECO 2009 - 6th International Conference on Electrical and Electronics Engineering}
}

@article{liu,
author = {Liu, Yonggang and Weisberg, Robert and Mooers, Christopher},
year = {2006},
month = {05},
title = {Performance evaluation of the self-organizing map for feature extraction},
volume = {111},
journal = {Journal of Geophysical Research}
}

@article{Bernardini,
author = {Bernardini, Fausto and Bajaj, Chandrajit and Chen, Jindong and Schikore, Daniel},
year = {1998},
title = {Automatic Reconstruction of 3D CAD Models from Digital Scans},
volume = {09},
journal = {International Journal of Computational Geometry \& Applications}
}

@ARTICLE{974519,
  author={Bernardini, F. and Rushmeier, H. and Martin, I.M. and Mittleman, J. and Taubin, G.},
  journal={IEEE Computer Graphics and Applications}, 
  title={Building a digital model of Michelangelo's Florentine Pieta}, 
  year={2002},
  volume={22},
  number={1},
  pages={59-67},
  }
  
  @ARTICLE{Satava,
  author={Satava, R.M. and Jones, S.B.},
  journal={Proceedings of the IEEE}, 
  title={Current and future applications of virtual reality for medicine}, 
  year={1998},
  volume={86},
  number={3},
  pages={484-489},
  }

@INPROCEEDINGS{4371248,
  author={do Rego, Renata L. M. E. and Araujo, Aluizio F. R. and de Lima Neto, Fernando B.},
  booktitle={2007 International Joint Conference on Neural Networks}, 
  title={Growing Self-Organizing Maps for Surface Reconstruction from Unstructured Point Clouds}, 
  year={2007},
  pages={1900-1905},
  }
  
  @INPROCEEDINGS{Yu99surfacereconstruction,
    author = {Yizhou Yu},
    title = {Surface Reconstruction from Unorganized Points Using Self-Organizing Neural Networks },
    booktitle = {IN IEEE VISUALIZATION 99, CONFERENCE PROCEEDINGS},
    year = {1999},
    pages = {61--64},
}

@INPROCEEDINGS{1380023,
  author={Junior, Ad.M.B. and Neto, A.D.D. and de Melo, J.D.},
  booktitle={2004 IEEE International Joint Conference on Neural Networks (IEEE Cat. No.04CH37541)}, 
  title={Surface reconstruction using neural networks and adaptive geometry meshes}, 
  year={2004},
  volume={1},
  pages={803-807},
  }
  
  
  @article{somImSeg1,
  title={Self-Organizing Map-Based Color Image Segmentation with k-Means Clustering and Saliency Map},
  author={Dongxiang Chi},
  journal={International Scholarly Research Notices},
  year={2011},
  volume={2011},
  pages={1-18}
}

@article{somImSeg2,
  title={Colour image segmentation using the self-organizing map and adaptive resonance theory},
  author={N. C. Yeo and K. H. Lee and Y. V. Venkatesh and Sim Heng Ong},
  journal={Image Vis. Comput.},
  year={2005},
  volume={23},
  pages={1060-1079}
}

@inproceedings{somImSeg3,
author = {Pawel Sanocki and Michal Kawulok and Bogdan Smolka and Jakub Nalepa},
title = {{Segmentation of hyperspectral images using self-organizing maps}},
volume = {11736},
booktitle = {Real-Time Image Processing and Deep Learning 2021},
organization = {International Society for Optics and Photonics},
publisher = {SPIE},
pages = {147 -- 153},
year = {2021},
}

@article{somImSeg4,
author = {Ortiz, A. and Gorriz, J. M. and Ramirez, J. and Salas-Gonzalez, D.},
title = {Improving MR Brain Image Segmentation Using Self-Organising Maps and Entropy-Gradient Clustering},
year = {2014},
publisher = {Elsevier Science Inc.},
volume = {262},
journal = {Inf. Sci.},
pages = {117–136},
}

@incollection{Liu12,
author = {Yuan-Chao Liu and Ming Liu and Xiao-Long Wang},
title = {Application of Self-Organizing Maps in Text Clustering: A Review},
booktitle = {Applications of Self-Organizing Maps},
publisher = {IntechOpen},
year = {2012},
editor = {Magnus Johnsson},
chapter = {10},
}

@inproceedings{txtmin1,
author = {Matharage, Sumith and Ganegedara, Hiran and Alahakoon, Damminda},
year = {2013},
pages = {1-8},
title = {A scalable and dynamic self-organizing map for clustering large volumes of text data},
booktitle = {Proceedings of the International Joint Conference on Neural Networks},
}

@INPROCEEDINGS{txtmin2,
  author={Chifu, Emil St. and Letia, Tiberiu St. and Chifu, Viorica R.},
  booktitle={2015 17th International Symposium on Symbolic and Numeric Algorithms for Scientific Computing (SYNASC)}, 
  title={Unsupervised Aspect Level Sentiment Analysis Using Self-Organizing Maps}, 
  year={2015},
  pages={468-475},
  }
  
  @article{txtmin3,
author = {Raj, Muthu and HAROON, ROSNA and SOBHANA, N},
year = {2020},
title = {A novel extractive text summarization system with self-organizing map clustering and entity recognition},
volume = {45},
journal = {Sādhanā},
}


@INPROCEEDINGS{sp1,
  author={Venkateswarlu, R. L. K. and Kumari, R. Vasantha},
  booktitle={2011 International Conference on Emerging Trends in Networks and Computer Communications (ETNCC)}, 
  title={Novel approach for speech recognition by using self — Organized maps}, 
  year={2011},
  pages={215-222},
  }
  
@inproceedings{sp2,
author = {Wang, Yujun and Van hamme, Hugo},
title = {Gaussian Selection Using Self-Organizing Map for Automatic Speech Recognition},
year = {2011},
publisher = {Springer-Verlag},
booktitle = {Proceedings of the 8th International Conference on Advances in Self-Organizing Maps},
pages = {218–227},

}

@article{sp3,
 author = {Lokesh, S. and Malarvizhi Kumar, Priyan and Ramya Devi, M. and Parthasarathy, P. and Gokulnath, C.},
 doi = {10.1007/s00521-018-3466-5},
 journal = {Neural Computing and Applications},
 number = {5},
 pages = {1521-1531},
 title = {An Automatic Tamil Speech Recognition system by using Bidirectional Recurrent Neural Network with Self-Organizing Map},
 volume = {31},
 year = {2019}
}


  
  
