% do template
@inproceedings{KocaguneliEtAl2013,
	author = {Kocaguneli, E. and Cukic, B. and Menzies, T. and Lu	, H.},
	title = {Building a Second Opinion: learning cross-company data},
	booktitle = {Proceedings of the 9th International Conference on Predictive Models in Software Engineering ({PROMISE})},
	pages = {12.1-10},
	year = {2013}
}


@article{KocaguneliEtAl2013-2,
    author 		= {Kocaguneli, E. and Menzies, T. and Keung, J. and Cok, D. and Madachy, R.},
    title 		= {Active learning and effort estimation: Finding the essential content of software effort estimation data},
    journal 	= {{IEEE}  Transactions on Software Engineering ({TSE})},
    volume = {39},
    number = {8},
    pages = {1040--1053},
    year = {2013},
}

@article{rumelhart1986learning,
  title={Learning representations by back-propagating errors},
  author={Rumelhart, David E and Hinton, Geoffrey E and Williams, Ronald J},
  journal={Nature},
  volume={323},
  number={6088},
  pages={533--536},
  year={1986},
  publisher={Nature Publishing Group}
}

@article{demvsar2006statistical,
  title={Statistical comparisons of classifiers over multiple data sets},
  author={Dem{\v{s}}ar, Janez},
  journal={The Journal of Machine Learning Research},
  volume={7},
  pages={1--30},
  year={2006},
  publisher={JMLR.org}
}


%%%%%%%%%%%%%%%%%%%%%%%%%%%

@book{Russell2009,
author = {Russell, Stuart and Norvig, Peter},
isbn = {9780136042594},
pages = {1152},
publisher = {Prentice Hall},
title = {{Artificial Intelligence: A Modern Approach}},
year = {2009}
}


@inproceedings{Castro2006FundamentalsON,
author = {Castro, L},
booktitle = {Chapman and Hall / CRC computer and information science series},
title = {{Fundamentals of Natural Computing - Basic Concepts, Algorithms, and Applications}},
year = {2006}
}


@book{haykin,
address = {Hamilton},
author = {Haykin, Simon},
edition = {3rd},
pages = {906},
publisher = {Prentice Hall},
title = {{Neural Networks and Learning Machines}},
year = {2008}
}


@phdthesis{Siqueira2013,
author = {Siqueira, Hugo Valadares},
pages = {218},
school = {Universidade Estadual de Campinas},
title = {{M{\'{a}}quinas Desorganizadas para Previs{\~{a}}o de S{\'{e}}ries de Vaz{\~{o}}es}},
year = {2013}
}


@book{Jeffrey2008,
address = {Burlington},
archivePrefix = {arXiv},
arxivId = {1011.1669},
author = {Jeffrey, Alan and Dai, Hui-Hui},
booktitle = {Journal of Physics A: Mathematical and Theoretical},
edition = {4th},
eprint = {1011.1669},
isbn = {978-0-12-374288-9},
issn = {17518113},
keywords = {icle},
number = {8},
pages = {589},
pmid = {25246403},
publisher = {Elsevier},
title = {{Handbook of Mathematical Formulas and Integrals}},
volume = {44},
year = {2008}
}



@article{Menon1996,
author = {Menon, Anil and Mehrotra, Kishan and Mohan, Chilukuri K. and Ranka, Sanjay},
doi = {10.1016/0893-6080(95)00107-7},
issn = {08936080},
journal = {Neural Networks},
number = {5},
pages = {819--835},
title = {{Characterization of a class of sigmoid functions with applications to neural networks}},
volume = {9},
year = {1996}
}


@article{McCulloch1990,
archivePrefix = {arXiv},
arxivId = {arXiv:1011.1669v3},
author = {McCulloch, Warren S. and Pitts, Walter},
doi = {10.1007/BF02478259},
eprint = {arXiv:1011.1669v3},
isbn = {0007-4985},
issn = {0007-4985},
journal = {The Bulletin of Mathematical Biophysics},
month = {dec},
number = {4},
pages = {115--133},
pmid = {2185863},
title = {{A logical calculus of the ideas immanent in nervous activity}},
volume = {5},
year = {1943}
}

@article{Rosenblatt1958,
author = {Rosenblatt, F.},
doi = {10.1037/h0042519},
issn = {0033295X},
journal = {Psychological Review},
keywords = {PERCEPTION, AS INFORMATION STORAGE MODEL INFORMATI},
number = {6},
pages = {386--408},
pmid = {13602029},
title = {{The perceptron: A probabilistic model for information storage and organization in the brain}},
volume = {65},
year = {1958}
}



@article{Cybenko1989,
author = {Cybenko, G},
doi = {10.1007/BF02551274},
issn = {1435-568X},
journal = {Mathematics of Control, Signals and Systems},
number = {4},
pages = {303--314},
title = {{Approximation by superpositions of a sigmoidal function}},
volume = {2},
year = {1989}
}


@article{Fahlman1988,
author = {Fahlman, Scott E.},
isbn = {CMU-CS-88-162 ST - An empirical study of learning speed in back-propagation networks},
issn = {08936080},
journal = {Neural Networks},
number = {3},
pages = {1--19},
title = {{An empirical study of learning speed in back-propagation networks}},
volume = {6},
year = {1988}
}


@inproceedings{Maas2013,
author = {Maas, Andrew L and Hannun, Awni Y and Ng, Andrew Y},
booktitle = {ICML Workshop on Deep Learning for Audio, Speech and Language Processing},
title = {{Rectifier nonlinearities improve neural network acoustic models}},
volume = {28},
year = {2013}
}


@inproceedings{Clevert2016,
archivePrefix = {arXiv},
arxivId = {1511.07289},
author = {Clevert, Djork Arn{\'{e}} and Unterthiner, Thomas and Hochreiter, Sepp},
booktitle = {4th International Conference on Learning Representations, ICLR 2016 - Conference Track Proceedings},
eprint = {1511.07289},
pages = {1--14},
title = {{Fast and accurate deep network learning by exponential linear units (ELUs)}},
year = {2016}
}


@article{Bengio2012,
archivePrefix = {arXiv},
arxivId = {1206.5533},
author = {Bengio, Yoshua},
doi = {10.1007/978-3-642-35289-8_26},
eprint = {1206.5533},
isbn = {9783642352881},
issn = {16113349},
journal = {Lecture Notes in Computer Science (including subseries Lecture Notes in Artificial Intelligence and Lecture Notes in Bioinformatics)},
mendeley-groups = {Dissertacao},
pages = {437--478},
title = {{Practical recommendations for gradient-based training of deep architectures}},
volume = {7700 LECTU},
year = {2012}
}

@article{Lecun1998,
author = {Lecun, Y. and Bottou, L. and Bengio, Y. and Haffner, P.},
doi = {10.1109/5.726791},
isbn = {0018-9219},
issn = {00189219},
journal = {Proceedings of the IEEE},
keywords = {convo-,document recogni-,fi-,gradient-based learning,graph transformer networks,lutional neural networks,machine learning,neural networks,nite state transducers,ocr,tion},
month = {feb},
number = {11},
pages = {2278--2324},
pmid = {15823584},
title = {{Gradient-based learning applied to document recognition}},
volume = {86},
year = {1998}
}


@book{Bishop2006,
address = {Cambridge},
author = {Bishop, Christopher},
booktitle = {EAI/Springer Innovations in Communication and Computing},
doi = {10.1007/978-3-030-57077-4_11},
edition = {1},
editor = {Jordan, Michael and Kleinberg, Jon and Sch{\"{o}}lkopf, Bernhard},
isbn = {9780387310732},
issn = {25228609},
keywords = {Classifier,Multi-classification problems,SVM},
pages = {758},
publisher = {Springer},
title = {{Pattern Recognition and Machine Learning}},
year = {2006}
}



@misc{Dua:2019 ,
author = "Dua, Dheeru and Graff, Casey",
year = "2017",
title = "{UCI} Machine Learning Repository",
url = "http://archive.ics.uci.edu/ml",
institution = "University of California, Irvine, School of Information and Computer Sciences" }

@book{James2013,
   author = {Gareth James and Daniela Witten and Trevor Hastie and Robert Tibshirani},
   city = {New York, NY},
   doi = {10.1007/978-1-4614-7138-7},
   isbn = {978-1-4614-7137-0},
   publisher = {Springer New York},
   title = {An Introduction to Statistical Learning},
   volume = {103},
   url = {http://link.springer.com/10.1007/978-1-4614-7138-7},
   year = {2013},
}



@article{Kohavi1995,
   author = {Ron Kohavi},
   issue = {June},
   journal = {International Joint Conference of Artificial Intelligence},
   title = {A Study of Cross-Validation and Bootstrap for Accuracy Estimation and Model Selection},
   year = {1995},
}

@book{Ripley2005,
   author = {Brian Ripley},
   city = {Cambridge},
   edition = {8th},
   isbn = {0 521 46086 7},
   pages = {415},
   publisher = {Cambrige University Press},
   title = {Pattern Recognition and Neural Networks},
   year = {2005},
}
