

@inproceedings{Steinbach2000,
	author = {Michael Steinbach and George Karypis and Vipin Kumar},
	title = {A comparison of Document Clustering Techniques},
	booktitle = {Proceeding of the KDD Workshop on Text Mining},
	pages = {1-20},
	year = {2000}
}


@article{Marini2020,
    author 		= {Federico Marini and Jos\'{e} Manual Amigo},
    title 		= {Unsupervised exploration of hyperspectral and multispectral images},
    journal 	= {Data Handling in Science and Technology},
    volume = {32},
    pages = {93-114},
    year = {2020},
}

@Book{Murphy2012,
 author    = "Kevin P. Murphy",
 title     = "Machine Learning: A Probabilistic Perspective",
 publisher = "MIT Press",
 year      =  2012,
 address   = "Cambridge, MA",
}

@article{Ward1963,
    author 		= {Joe H. Ward Jr},
    title 		= {Hierarchical Grouping to Optimize an Objective Function},
    journal 	= {Journal of the American Statistical Association},
    volume = {58},
	number = {301},
    pages = {236-244},
    year = {1963},
}

@Book{Hastie2009,
 author    = "Trevor Hastie and Robert Tibshirani and Jerome H. Friedman",
 title     = "The Elements of Statistical Learning: Data Mining, Inference and Prediction",
 publisher = "Springer",
 year      =  2009,
 address   = "New York",
}

@article{Macnaughton-Smith1964,
    author 		= {P. Macnaughton-Smith and W. T. Williams and M. B. Dale and L. G. Mockett},
    title 		= {Dissimilarity Analysis: a New Technique of Hierarchical Sub-division},
    journal 	= {Nature 202},
    pages = {1034-1035},
    year = {1964},
}

@Book{Kaufman1990,
 author    = "Leonard Kaufman and Peter J. Rousseeuw",
 title     = "Finding Groups in Data: An Introduction to Cluster Analysis",
 publisher = "Wiley",
 year      =  1990,
 address   = "New York",
}

@Book{James2013,
 author    = "Gareth James and Daniela Witten and Trevor Hastie and Robert Tibshirani",
 title     = "An Introduction to Statistical Learning: with Applications in R",
 publisher = "Springer",
 year      =  2013,
 address   = "New York",
}

@inproceedings{Heller2005,
	author = {Katherine A. Heller and Zoubin Ghahramani},
	title = {Bayesian hierarchical clustering},
	booktitle = {Proceedings of the 22nd International Conference on Machine Learning (ICML)},
	pages = {297-304},
	year = {2005}
}

@misc{Kaggle2016,
 author    = "Kaggle",
 title     = "Transcriptomics in Yeast",
 howpublished = "\url{https://www.kaggle.com/costalaether/yeast-transcriptomics}",
 year      =  2016,
 note = "[Online; accessed August 8, 2021]"
}

@misc{Kumar2020,
 author    = "Satyam Kumar",
 title     = "Hierarchical Clustering: Agglomerative and Divisive -- Explained",
 howpublished = "\url{https://towardsdatascience.com/hierarchical-clustering-agglomerative-and-divisive-explained-342e6b20d710}",
 year      =  2020,
 note = "[Online; accessed April 29, 2022]"
}

@misc{Whittaker2019,
 author    = "Claire Whittaker",
 title     = "Seven Innovative Uses of Clustering Algorithms in the Real World",
 howpublished = "\url{https://datafloq.com/read/7-innovative-uses-of-clustering-algorithms}",
 year      =  2019,
 note = "[Online; accessed April 27, 2022]"
}

@misc{Sklearn2022,
 author    = "Scikit-learn 2.3.6",
 title     = "Hierarchical clustering",
 howpublished = "\url{https://scikit-learn.org/stable/modules/clustering.html#hierarchical-clustering}",
 year      =  2022,
 note = "[Online; accessed April 27, 2022]"
}

@misc{Brownlee2020,
 author    = "Jason Brownlee",
 title     = "10 Clustering Algorithms With Python",
 howpublished = "\url{https://machinelearningmastery.com/clustering-algorithms-with-python}",
 year      =  2020,
 note = "[Online; accessed April 28, 2022]"
}
