@Book{velho2009,
  title = {Image processing for computer graphics and vision},
  author = {Velho, Luiz and C. Frery, Alejandro and Gomes, Jonas},
  publisher = {Springer},
  address = {London},
  year = {2009},
  edition = {2}
}

@Book{gonzalez2010,
  title = {Processamento digital de imagens},
  author = {C. Gonzalez, Rafael and C. Woods, Richard},
  publisher = {Pearson Prentice Hall},
  address = {S{\~a}o Paulo},
  year = {2010},
  edition = {3}
}

@book{sonka2014,
  title={Image processing, analysis, and machine vision},
  author={Sonka, Milan and Hlavac, Vaclav and Boyle, Roger},
  year={2014},
  publisher={Cengage Learning}
}

@Book{pedrini2008,
  title = {Analise de imagens digitais: principios, algoritmos e aplica{\c c}{\~o}es},
  author = {Pedrini, Helio and Robson Schwartz, William},
  publisher = {Thomson Learning Edicoes Ltda},
  address = {S{\~a}o Paulo},
  year = {2007},
  edition = {3}
}

@Book{chityala2020,
  title={Image processing and acquisition using Python},
  author={CHITYALA, Ravishankar and PUDIPEDDI, Sridevi},
  year={2020},
  publisher={CRC Press}
}

@Book{moeslund2012,
  title={Introduction to video and image processing: Building real systems and applications},
  author={Moeslund, Thomas B},
  year={2012},
  publisher={Springer Science \& Business Media}
}

@Book{burger2009,
  title={Principles of digital image processing},
  author={Burger, Wilhelm and Burge, Mark James and Burge, Mark James and Burge, Mark James},
  volume={111},
  year={2009},
  publisher={Springer}
}

@Book{teubner2019,
  title={Optical Imaging and Photography: Introduction to Science and Technology of Optics, Sensors and Systems},
  author={Teubner, Ulrich and Bruckner, Hans Josef},
  year={2019},
  publisher={Walter de Gruyter GmbH \& Co KG}
}

@Book{bovik2009essential,
  title={The essential guide to image processing},
  author={Bovik, Alan C},
  year={2009},
  publisher={Academic Press}
}

@book{davies2017,
  title={Computer Vision Principles, Algorithms, Applications, Learning},
  author={Davies, E. Roy},
  year={2017},
  publisher={Academic press}
}

@book{nixon2019feature,
  title={Feature extraction and image processing for computer vision},
  author={Nixon, Mark and Aguado, Alberto},
  year={2019},
  publisher={Academic press}
}

@book{goodfellow2016,
    title={Deep Learning},
    author={Ian Goodfellow and Yoshua Bengio and Aaron Courville},
    publisher={MIT Press},
    url={http://www.deeplearningbook.org},
    year={2016}
}

@book{cajal,
  title={Comparative study of the sensory areas of the human cortex},
  author={y Cajal, Santiago Ramon},
  year={1899},
  publisher={Clark University}
}

@book{azevedo2018,
  title={Computa{\c c}{\~a}o grafica: Teoria e pratica: gera{\c c}{\~a}o de imagens},
  author={Azevedo, Eduardo and Conci, Aura and Vasconcelos, Cristina},
  volume={1},
  year={2018},
  publisher={Elsevier Brasil}
}

@Book{nielsen2015,
  title = {Neural Networks and Deep Learning},
  author = {A. Nielsen, Michael},
  publisher = {Determination Press},
  utl={http://neuralnetworksanddeeplearning.com/index.html},
  year = {2015}
}

@Book{hertz2018,
  title = {Introduction to the theory of neural computation},
  author = {A. Herts, John and S. Krogh, Anders and G. Palmer, Richard},
  publisher = {CRC Press},
  address = {New York},
  year = {2018}
}

@book{geron2019,
  title={Hands-on machine learning with Scikit-Learn, Keras, and TensorFlow: Concepts, tools, and techniques to build intelligent systems},
  author={Geron, Aurelien},
  year={2019},
  publisher={O'Reilly Media}
}

@book{elgendy2020,
  title={Deep Learning for Vision Systems},
  author={Elgendy, Mohamed},
  year={2020},
  publisher={Manning Publications}
}

@book{minsky1969perceptrons,
  title={Perceptrons: an Introduction to Computational Geometry},
  author={Minsky, M. and Papert, S.},
  url={https://books.google.com.br/books?id=YeAvzgEACAAJ},
  year={1969},
  publisher={M.I.T. Press}
}

@Book{haykin1999,
  title = {Redes Neurais: Principios e pratica},
  author = {Simon, Haykin},
  publisher = {Bookman},
  address = {S{\~a}o Paulo},
  year = {1999},
  edition = {2}
}

@book{zhang2020dive,
    title={Dive into Deep Learning},
    author={Aston Zhang and Zachary C. Lipton and Mu Li and Alexander J. Smola},
    url={https://d2l.ai},
    year={2020}
}

@article{dumoulin2016,
  title={A guide to convolution arithmetic for deep learning},
  author={Dumoulin, Vincent and Visin, Francesco},
  journal={arXiv preprint arXiv:1603.07285},
  year={2016}
}

@article{braga1998fundamentos,
  title={Fundamentos de redes neurais artificiais},
  author={BRAGA, Ant{\^o}nio de Padua and Carvalho, APLF and Ludemir, Teresa Bernarda},
  journal={Rio de Janeiro: 11a Escola de Computa{\c c}{\~a}o},
  year={1998}
}

@article{cuthill2017,
  title={The biology of color},
  author={Cuthill, Innes C and Allen, William L and Arbuckle, Kevin and Caspers, Barbara and Chaplin, George and Hauber, Mark E and Hill, Geoffrey E and Jablonski, Nina G and Jiggins, Chris D and Kelber, Almut and others},
  journal={Science},
  volume={357},
  number={6350},
  year={2017},
  publisher={American Association for the Advancement of Science}
}

@article{canny1986computational,
  title={A computational approach to edge detection},
  author={Canny, John},
  journal={IEEE Transactions on pattern analysis and machine intelligence},
  number={6},
  pages={679--698},
  year={1986},
  publisher={Ieee}
}

@article{bay2006surf,
  title={Surf: Speeded up robust features},
  author={Bay, Herbert and Tuytelaars, Tinne and Van Gool, Luc},
  booktitle={European conference on computer vision},
  pages={404--417},
  year={2006},
  organization={Springer}
}

@article{Cen2016StudyOV,
  title={Study of Viola-Jones Real Time Face Detector},
  author={Kaiqi Cen},
  year={2016}
}

@article{mcculloch1943,
  title={A logical calculus of the ideas immanent in nervous activity},
  author={McCulloch, Warren S and Pitts, Walter},
  journal={The bulletin of mathematical biophysics},
  volume={5},
  number={4},
  pages={115--133},
  year={1943},
  publisher={Springer}
}

@article{rumelhart1986learning,
  title={Learning representations by back-propagating errors},
  author={Rumelhart, David E and Hinton, Geoffrey E and Williams, Ronald J},
  journal={nature},
  volume={323},
  number={6088},
  pages={533--536},
  year={1986},
  publisher={Nature Publishing Group}
}

@book{russell2016,
  title={Artificial intelligence: a modern approach},
  author={Russell, Stuart and Norvig, Peter},
  year={2016},
  publisher = {Pearson},
  edition = {3}
}

@article{krizhevsky2012,
  title={Imagenet classification with deep convolutional neural networks},
  author={Krizhevsky, Alex and Sutskever, Ilya and Hinton, Geoffrey E.},
  journal={Advances in neural information processing systems},
  volume={25},
  pages={1097--1105},
  year={2012}
}

@article{canziani2016,
  title={An analysis of deep neural network models for practical applications},
  author={Canziani, Alfredo and Paszke, Adam and Culurciello, Eugenio},
  journal={arXiv preprint arXiv:1605.07678},
  year={2016}
}

@inproceedings{szegedy2015,
  title={Going deeper with convolutions},
  author={Szegedy, Christian and Liu, Wei and Jia, Yangqing and Sermanet, Pierre and Reed, Scott and Anguelov, Dragomir and Erhan, Dumitru and Vanhoucke, Vincent and Rabinovich, Andrew},
  booktitle={Proceedings of the IEEE conference on computer vision and pattern recognition},
  pages={1--9},
  year={2015}
}

@inproceedings{he2016,
  title={Deep residual learning for image recognition},
  author={He, Kaiming and Zhang, Xiangyu and Ren, Shaoqing and Sun, Jian},
  booktitle={Proceedings of the IEEE conference on computer vision and pattern recognition},
  pages={770--778},
  year={2016}
}

@misc{img:espectro,
  author = {Blog Estudo da cor},
  title = {Imagem de um espectro eletromagnetico},
  year = {2014},
  note = {Acessado em: 07 de marco de 2021},
  url = {https://estudodacor.files.wordpress.com/2014/08/espectro-eletromagnetico1.jpg}
}

@misc{img:convolutionGif,
  author = {The e2eML Course Catalog},
  title = {Convolution in one dimension for neural networks},
  year = {2020},
  note = {Acessado em: 22 de marco de 2021},
  url = {https://e2eml.school/convolution_one_d.html}
}

@misc{img:nebulosa,
  author = {Wikimedia Commons},
  title = {Crab nebula in multiple wavelengths},
  note = {Acessado em: 07 de março de 2021},
  url = { https://commons.wikimedia.org/wiki/File:Crab_Nebula_in_Multiple_Wavelengths.png}
}

@misc{img:sensorarray,
  author = {Wikimedia Commons},
  title = {Bayer pattern on sensor profile},
  year = {2006},
  note = {Acessado em: 08 de março de 2021},
  url = {https://commons.wikimedia.org/wiki/File:Bayer_pattern_on_sensor_profile.svg}
}

@misc{img:hubbledeep,
  author = {Nasa},
  title = {Hubble Ultra-Deep Field},
  year = {2004},
  note = {Acessado em: 21 de abril de 2021},
  url = {https://imgsrc.hubblesite.org/hu/db/images/hs-2014-27-a-full_jpg.jpg}
}

@misc{tab:kernelExample,
  author = {Wikimedia Commons},
  title = {Kernel (image processing)},
  year = {2011},
  note = {Acessado em: 22 de maio de 2021},
  url = {https://en.wikipedia.org/wiki/Kernel_(image_processing)}
}

@misc{img:deepblue,
  author = {Anton Chiang},
  title = {IBM Deep Blue at Computer History Museum},
  year = {2020},
  note = {Acessado em: 10 de maio de 2021},
  url = {https://commons.wikimedia.org/wiki/File:IBM_Deep_Blue_at_Computer_History_Museum_(9361685537).jpg}
}

@misc{img:coloredNeuralNetwork,
  author = {Glosser.ca},
  title = {Artificial neural network with layer coloring},
  year = {2013},
  note = {Acessado em: 10 de maio de 2021},
  url = {https://commons.wikimedia.org/wiki/File:Colored_neural_network.svg}
}

@misc{img:neuronCS,
  author = {cs231},
  title = {Cartoon drawing of a biological neuron},
  year = {2021},
  note = {Acessado em: 10 de maio de 2021},
  url = {https://cs231n.github.io/neural-networks-1/}
}

@misc{thome2017,
  author={Thomé, Antonio G.},
  institution={Universidade Federal do Rio de Janeiro},
  howpublished={\url{http://hpc.ct.utfpr.edu.br/~charlie/docs/PID/PID_AULA_01.pdf}},
  year={2017},
  title={Fundamentos sobre Processamento de Imagens},
  note={Acessado em: 14 de março de 2021}
}

@misc{rateke1999,
  title = {Tecnicas Subsimbolicas: Redes Neurais},
  author = {Rateke, Thiago},
  publisher = {LAPIX (Image Processing and Computer Graphics Lab) Universidade Federal de Santa Catarina},
  address = {Florianopolis},
  note = {Last accessed 14 April 2021},
  url = {http://www.lapix.ufsc.br/ensino/reconhecimento-de-padroes/tecnicas-sub-simbolicas-redes-neurais/}
}

@misc{adrian2017,
  title={Deep Learning for Computer Vision with Python},
  author={Adrian, R Dr},
  year={2017},
  publisher={PyImageSearch}
}

@misc{johnson2019,
  title = {Deep Learning for Computer Vision - Fall 2019},
  author = {Johnson, Justin},
  publisher = {Website do curso EECS 498-007 / 598-005 na Universidade de Michigan},
  address = {Michigan, Estados Unidos},
  year={2019},
  note = {Last accessed 20 May 2021},
  url = {https://web.eecs.umich.edu/~justincj/teaching/eecs498/FA2020/}
}

@misc{imagenet2020,
  title = {ImageNet Large Scale Visual Recognition Challenge (ILSVRC)},
  author = {Stanford Vision Lab, Stanford University, Princeton University},
  publisher = {Website da competição ImageNet Large Scale Visual Recognition Challenge (ILSVRC)},
  year={2020},
  note = {Last accessed 20 May 2021},
  url = {https://image-net.org/challenges/LSVRC/}
}

@misc{googlecloud2021,
  title = {Guia para iniciantes da Cloud TPU},
  author = {Google Developers},
  publisher = {Website da Google Cloud},
  year={2021},
  note = {Last accessed 20 May 2021},
  url = {https://cloud.google.com/tpu/docs/beginners-guide?hl=pt-br}
}

@misc{wangenheim2018,
  title = {Deep Learning: Introdu{\c c}{\~a}o ao Novo Coneccionismo},
  author = {Wangenheim, Aldo von},
  publisher = {LAPIX (Image Processing and Computer Graphics Lab) Universidade Federal de Santa Catarina},
  address = {Florianopolis},
 year={2018},
  note = {Last accessed 14 April 2021},
  url = {http://www.lapix.ufsc.br/ensino/reconhecimento-de-padroes/tecnicas-sub-simbolicas-redes-neurais/}
}

@misc{tensorflow2020,
  title = {Versões da API TensorFlow},
  author = {Google Developers},
  publisher = {Website do TensorFlow},
  year={2020},
  note = {Last accessed 20 May 2021},
  url = {https://www.tensorflow.org/versions}
}

@Book{walker2021,
  title = {Artificial Neural Networks},
  author = {Walker, John M.},
  publisher = {Humana/Springer Nature},
  address = {Nova Iorque, Estados Unidos},
  year = {2021},
  edition = {3}
}

@inproceedings{chopra2005,
  title={Learning a similarity metric discriminatively, with application to face verification},
  author={Chopra, Sumit and Hadsell, Raia and LeCun, Yann},
  booktitle={2005 IEEE Computer Society Conference on Computer Vision and Pattern Recognition (CVPR05)},
  volume={1},
  pages={539--546},
  year={2005},
  organization={IEEE}
}

@inproceedings{taigman2014,
  title={Deepface: Closing the gap to human-level performance in face verification},
  author={Taigman, Yaniv and Yang, Ming and Ranzato, Marc Aurelio and Wolf, Lior},
  booktitle={Proceedings of the IEEE conference on computer vision and pattern recognition},
  pages={1701--1708},
  year={2014}
}

@article{sabri2018,
  title={Facial expression intensity estimation using Siamese and triplet networks},
  author={Sabri, Motaz and Kurita, Takio},
  journal={Neurocomputing},
  volume={313},
  pages={143--154},
  year={2018},
  publisher={Elsevier}
}

@misc{lambda2019,
  title = {One Shot Learning with Siamese Networks using Keras},
  author = {Lamba, Harshall},
  publisher = {Website Towards Data Science },
  address = {Florian0polis},
 year={2019},
  note = {Last accessed 23 May 2021},
  url = {https://towardsdatascience.com/one-shot-learning-with-siamese-networks-using-keras-17f34e75bb3d}
}

@inproceedings{zhang2016,
  title={Siamese neural network based gait recognition for human identification},
  author={Zhang, Cheng and Liu, Wu and Ma, Huadong and Fu, Huiyuan},
  booktitle={2016 IEEE International Conference on Acoustics, Speech and Signal Processing (ICASSP)},
  pages={2832--2836},
  year={2016},
  organization={IEEE}
}

@article{zhang2018,
  title={Visual tracking using Siamese convolutional neural network with region proposal and domain specific updating},
  author={Zhang, Han and Ni, Weiping and Yan, Weidong and Wu, Junzheng and Bian, Hui and Xiang, Deliang},
  journal={Neurocomputing},
  volume={275},
  pages={2645--2655},
  year={2018},
  publisher={Elsevier}
}

@article{gonzalez2019,
  title={Siamese hierarchical attention networks for extractive summarization},
  author={Gonzalez, Jose-Angel and Segarra, Encarna and Garcia-Granada, Fernando and Sanchis, Emilio and Hurtado, Llu{\’ i}s-F},
  journal={Journal of Intelligent \& Fuzzy Systems},
  volume={36},
  number={5},
  pages={4599--4607},
  year={2019},
  publisher={IOS Press}
}

@inproceedings{das2016,
  title={Together we stand: Siamese networks for similar question retrieval},
  author={Das, Arpita and Yenala, Harish and Chinnakotla, Manoj and Shrivastava, Manish},
  booktitle={Proceedings of the 54th Annual Meeting of the Association for Computational Linguistics (Volume 1: Long Papers)},
  pages={378--387},
  year={2016}
}

@article{liu2017,
  title={Provid: Progressive and multimodal vehicle reidentification for large-scale urban surveillance},
  author={Liu, Xinchen and Liu, Wu and Mei, Tao and Ma, Huadong},
  journal={IEEE Transactions on Multimedia},
  volume={20},
  number={3},
  pages={645--658},
  year={2017},
  publisher={IEEE}
}

@article{wang2017,
  title={Embedding structured contour and location prior in siamesed fully convolutional networks for road detection},
  author={Wang, Qi and Gao, Junyu and Yuan, Yuan},
  journal={IEEE Transactions on Intelligent Transportation Systems},
  volume={19},
  number={1},
  pages={230--241},
  year={2017},
  publisher={IEEE}
}


@article{bromley1993,
  title={Signature verification using a" siamese" time delay neural network},
  author={Bromley, Jane and Guyon, Isabelle and LeCun, Yann and S{\"a}ckinger, Eduard and Shah, Roopak},
  journal={Advances in neural information processing systems},
  volume={6},
  pages={737--744},
  year={1993}
}

@misc{gomez2019,
  title = {Understanding Ranking Loss, Contrastive Loss, Margin Loss, Triplet Loss, Hinge Loss and all those confusing names},
  author = {Gomez, Raul},
  publisher = {Blog Raul Gomez},
  year={2019},
  note = {Last accessed 23 May 2021},
  url = {https://gombru.github.io/2019/04/03/ranking_loss/}
}

@inproceedings{hadsell2006,
  title={Dimensionality reduction by learning an invariant mapping},
  author={Hadsell, Raia and Chopra, Sumit and LeCun, Yann},
  booktitle={2006 IEEE Computer Society Conference on Computer Vision and Pattern Recognition (CVPR06)},
  volume={2},
  pages={1735--1742},
  year={2006},
  organization={IEEE}
}

@inproceedings{schroff2015,
  title={Facenet: A unified embedding for face recognition and clustering},
  author={Schroff, Florian and Kalenichenko, Dmitry and Philbin, James},
  booktitle={Proceedings of the IEEE conference on computer vision and pattern recognition},
  pages={815--823},
  year={2015}
}

@Book{corke2017,
  title = {Robotics, Vision and Control Fundamental Algorithms in MATLAB},
  author = {Corke, Peter},
  publisher = {Springer},
  address = {Gewerbestrasse, Sui{\c c}a},
  year = {2017},
  edition = {2}
}

@misc{img:linhas_paralelas,
  author = {Wikimedia Commons},
  title = {Railroad tracks "vanishing" into the distance},
  year = {2006},
  note = {Acessado em: 20 de junho de 2021},
  url = {https://commons.wikimedia.org/wiki/File:Railroad-Tracks-Perspective.jpg}
}

@article{carvalho2005,
  title={Fotografia 3D -- 25 Coloquio Brasileiro de Matematica},
  author={Carvalho, Paulo Cezar and Velho, Luiz and Sa, Asla and Medeiros, Esdras and Montengro, Anselmo Antunes and Peixoto, Adelailson and Escriba, Luis Antonio Rivera},
  journal={Rio de Janeiro: Associa{\c c}{\~a}o Instituto de Matematica Pura e Aplicada, IMPA},
  year={2005}
}

@Book{davies2012,
  title = {Computer and Machine Vision: Theory, Algorithms, Practicalities},
  author = {Davies, E. R.},
  publisher = {Elsevier},
  address = {Waltham, Estados Unidos},
  year = {2012},
  edition = {4}
}

@book{szeliski2010computer,
title={Computer vision: algorithms and applications},
author={Szeliski, Richard},
year={2010},
publisher={Springer Science \& Business Media}
}

@article{hartley2003multiple,
title={Multiple view geometry in computer},
author={Hartley, R and Zisserman, A},
journal={Vision, 2nd ed., New York: Cambridge},
year={2003}
}

@misc{santos2012,
  title = {Revis{\~a}o de Conceitos em Proje{\c c}{\~a}o, Homografia, Calibra{\c c}{\~a}o de
  C{\^a}mera, Geometria Epipolar, Mapas de Profundidade e Varredura de Planos},
  author = {Santos, Maikon Cismoski dos},
  publisher = {Disciplina Vis{\~a}o Computacional, Unicamp, sob orienta{\c c}{\~a}o do Prof. Dr. Helio Pedrini.},
  address = {S{\~a}o Paulo},
  year={2012},
  note = {Last accessed 06 May 2021},
  url = {https://www.ic.unicamp.br/~rocha/teaching/2012s1/mc949/aulas/additional-material-revision-of-concepts-homography-and-related-topics.pdf}
}

@misc{opencvcalibration,
  title = {Camera Calibration},
  publisher = {Website do OpenCV},
  note = {Last accessed 06 June 2021},
  url = {https://docs.opencv.org/master/dc/dbb/tutorial_py_calibration.html}
}

@misc{img:exemploMLP,
  author = {Becoming Human: Artificial Intelligence Magazine},
  title = {Esquema de uma rede multicamda de perceptrons },
  year = {2019},
  note = {Acessado em: 11 de julho de 2021},
  url = {https://miro.medium.com/max/533/0*vl2T7-m8O3-_2hhm.jpg}
}
@article{dumoulin2016guide,
  title={A guide to convolution arithmetic for deep learning},
  author={Dumoulin, Vincent and Visin, Francesco},
  journal={arXiv preprint arXiv:1603.07285},
  year={2016}
}

@misc{ahn,
 url={http://www.songho.ca/dsp/convolution/convolution2d_example.html},
 journal={Example of 2D Convolution},
 author={Ahn, Song Ho}
}

@article{img:googlenet,
author = {S. P. K. Karri and Debjani Chakraborty and Jyotirmoy Chatterjee},
journal = {Biomed. Opt. Express},
keywords = {Pattern recognition; Image analysis; Optical coherence tomography; Clinical applications; Ophthalmology; Image analysis; Image processing; Medical image processing; Optical coherence tomography; Spectral domain optical coherence tomography; Stochastic gradient descent},
number = {2},
pages = {579--592},
publisher = {OSA},
title = {Transfer learning based classification of optical coherence tomography images with diabetic macular edema and dry age-related macular degeneration},
volume = {8},
month = {Feb},
year = {2017},
url = {http://www.osapublishing.org/boe/abstract.cfm?URI=boe-8-2-579},
doi = {10.1364/BOE.8.000579},
abstract = {We present an algorithm for identifying retinal pathologies given retinal optical coherence tomography (OCT) images. Our approach fine-tunes a pre-trained convolutional neural network (CNN), GoogLeNet, to improve its prediction capability (compared to random initialization training) and identifies salient responses during prediction to understand learned filter characteristics. We considered a data set containing subjects with diabetic macular edema, or dry age-related macular degeneration, or no pathology. The fine-tuned CNN could effectively identify pathologies in comparison to classical learning. Our algorithm aims to demonstrate that models trained on non-medical images can be fine-tuned for classifying OCT images with limited training data.},
}