@misc{ciswebsite,
	title = {What is Computational Intelligence?},
	year = {\url{https://cis.ieee.org/about/what-is-ci}, Accessed in October 2022}
}

@misc{cishistory,
	title = {Evolution of the IEEE Computational Intelligence Society (CIS)},
	year = {\url{https://cis.ieee.org/committees/history-committee/history/evolution}, Accessed in October 2022}
}

@misc{ciswiki,
	title = {Computational Ingelligence},
	year = {\url{https://en.wikipedia.org/wiki/Computational_intelligence}, Accessed in October 2022}
}

@article{NNSEditorial,
	author = {P. P. Bonissone},
	title = {Editorial: Welcome to the IEEE Neural Networks Society},
	journal = {{IEEE} Transactions on Evolutionary Computation},
	year = {2002},
	volume = {6},
	issue = {6},
	pages = {531--532}
}

@book{RussellNorvig,
	author = {S. Russell and P. Norvig},
	title = {Artificial Intelligence: A Modern Approach},
	edition = {3rd edition},
	publisher = {Prentice Hall},
	year = {2010}
}

@article{Bezdek,
	author = {J. C. Bezdek},
	title = {(Computational) Intelligence: What's in a Name?},
	journal = {IEEE Systems, Man, and Cybernetics Magazine},
	pages = {4--14},
	year = {2016}
}

@article{CIDef1,
	author = {R. Marks},
	title = {Intelligence: Computational versus artificial},
	journal = {{IEEE} Transactions on Neural Networks},
	volume = {4},
	issue = {5},
	pages = {737--739},
	year =  {1993}
}

@article{CIDef2,
	author = {J. C. Bezdek},
	title = {On the Relationship between neural networks, pattern recognition and intelligence},
	journal = {International Journal of Approximate Reason},
	volume = {6},
	issue = {2},
	pages = {85--107},
	year = {1992}
}

@incollection{CIDef3,
	author = {J. C. Bezdek},
	title = {What is computational intelligence?},
	booktitle = {Computational Intelligence: Imitating Life},
	publisher = {{IEEE} Press},
	editor = {J. M. Zurada and R. J. Marks and C. J. Robinson},
	year = {1994},
	pages = {1--12}
}

@incollection{CIDef4,
	author = {J. C. Bezdek},
	title = {Computational intelligence: A snapshot},
	booktitle = {Computational Intelligence: A Dynamic System Perspective},
	publisher = {{IEEE} Press},
	editor = {M. Palaniswami and Y. Attikiouzel and R. J. Marks and D. Fogel and T. Fukuda},
	year = {1995},
	pages = {9--15}
}

@book{CIDef5,
	author = {R. Eberhart and R. W. Dobbins and P. K. Simpson},
	title = {Computational Intelligence {PC} Tools},
	publisher = {Academic},
	year = {1996}
}

@article{CIDef6,
	author = {D. Fogel},
	title = {Review of the book Computational Intelligence: Imitating Life},
	journal = {{IEEE} Transactions on Neural Networks},
	volume = {6},
	issue = {6},
	pages = {1562--1565},
	year = {1995}
}


@incollection{CIDef7,
	author = {J. C. Bezdek},
	title = {Computational intelligence definedâ€”by everyone!},
	booktitle = {Computational Intelligence: Soft Computing and Fuzzy-Neuro Integration with Applications},
	editor = {O. Kaynak and L. A. Zadeh and B. Turksen and I. J. Rudas},
	volume = {NATO ASI series F, v. 162},
	publisher = {Springer-Verlag},
	year = {1998},
	pages = {10--37}	
}

