@inproceedings{KocaguneliEtAl2013,
	author = {Kocaguneli, E. and Cukic, B. and Menzies, T. and Lu	, H.},
	title = {Building a Second Opinion: learning cross-company data},
	booktitle = {Proceedings of the 9th International Conference on Predictive Models in Software Engineering ({PROMISE})},
	pages = {12.1-10},
	year = {2013}
}


@article{KocaguneliEtAl2013-2,
    author 		= {Kocaguneli, E. and Menzies, T. and Keung, J. and Cok, D. and Madachy, R.},
    title 		= {Active learning and effort estimation: Finding the essential content of software effort estimation data},
    journal 	= {{IEEE}  Transactions on Software Engineering ({TSE})},
    volume = {39},
    number = {8},
    pages = {1040--1053},
    year = {2013},
}


@inproceedings{ester1996density,
  title={A density-based algorithm for discovering clusters in large spatial databases with noise.},
  author={Ester, Martin and Kriegel, Hans-Peter and Sander, J{\"o}rg and Xu, Xiaowei and others},
  booktitle={kdd},
  volume={96},
  number={34},
  pages={226--231},
  year={1996}
}

@inproceedings{gan2015dbscan,
  title={DBSCAN revisited: Mis-claim, un-fixability, and approximation},
  author={Gan, Junhao and Tao, Yufei},
  booktitle={Proceedings of the 2015 ACM SIGMOD international conference on management of data},
  pages={519--530},
  year={2015}
}

@article{schubert2017dbscan,
  title={DBSCAN revisited, revisited: why and how you should (still) use DBSCAN},
  author={Schubert, Erich and Sander, J{\"o}rg and Ester, Martin and Kriegel, Hans Peter and Xu, Xiaowei},
  journal={ACM Transactions on Database Systems (TODS)},
  volume={42},
  number={3},
  pages={1--21},
  year={2017},
  publisher={ACM New York, NY, USA}
}


@article{sander1998density,
  title={Density-based clustering in spatial databases: The algorithm gdbscan and its applications},
  author={Sander, J{\"o}rg and Ester, Martin and Kriegel, Hans-Peter and Xu, Xiaowei},
  journal={Data mining and knowledge discovery},
  volume={2},
  number={2},
  pages={169--194},
  year={1998},
  publisher={Springer}
}


@article{sawant2014adaptive,
  title={Adaptive methods for determining DBSCAN parameters},
  author={Sawant, Kedar},
  journal={International Journal of Innovative Science, Engineering \& Technology},
  volume={1},
  number={4},
  pages={329--334},
  year={2014},
  publisher={Citeseer}
}
