

@inproceedings{KocaguneliEtAl2013,
	author = {Kocaguneli, E. and Cukic, B. and Menzies, T. and Lu	, H.},
	title = {Building a Second Opinion: learning cross-company data},
	booktitle = {Proceedings of the 9th International Conference on Predictive Models in Software Engineering ({PROMISE})},
	pages = {12.1-10},
	year = {2013}
}


@article{Berry1996,
    author 		= {Berry, M.J.A. and Linoff, G.},
    title 		= {Data Mining Techniques For Marketing, Sales and Customer Support},
    journal 	= {John Wiley and Sons},
    year = {1996},
}

@book{Theodoridis2009,
  added-at = {2011-09-01T13:26:03.000+0200},
  author = {Theodoridis, Sergios and Koutroumbas, Konstantinos},
  biburl = {https://www.bibsonomy.org/bibtex/284b7e7aa970c54eebb504c44f3e29535/procomun},
  day = 24,
  howpublished = {Hardcover},
  interhash = {87b8fae1a542d79f5ef88ec74d573c18},
  intrahash = {84b7e7aa970c54eebb504c44f3e29535},
  isbn = {9781597492720},
  keywords = {pattern\_recognition},
  publisher = {{Academic Press}},
  timestamp = {2011-09-02T08:25:25.000+0200},
  title = {{Pattern Recognition, Fourth Edition}},
  year = 2009
}

@book{carvalho2011inteligencia,
  title={Intelig{\^e}ncia Artificial--uma abordagem de aprendizado de m{\'a}quina},
  author={Faceli, Katti and Lorena, Ana C. and  and Gama, J and de Almeida, Tiago A. and de Carvalho, Andr{\'e} C. P. L. F.},
  journal={Rio de Janeiro: LTC},
  year={2021}
}

@article{halkidi2001clustering,
  title={On clustering validation techniques},
  author={Halkidi, Maria and Batistakis, Yannis and Vazirgiannis, Michalis},
  journal={Journal of intelligent information systems},
  volume={17},
  number={2},
  pages={107--145},
  year={2001},
  publisher={Springer}
}


@book{jain1988algorithms,
  title={Algorithms for clustering data},
  author={Jain, Anil K and Dubes, Richard C},
  year={1988},
  publisher={Prentice-Hall, Inc.}
}

@article{dudoit2002prediction,
  title={A prediction-based resampling method for estimating the number of clusters in a dataset},
  author={Dudoit, Sandrine and Fridlyand, Jane},
  journal={Genome biology},
  volume={3},
  number={7},
  pages={1--21},
  year={2002},
  publisher={Springer}
}



@article{vendramin2010relative,
  title={Relative clustering validity criteria: A comparative overview},
  author={Vendramin, Lucas and Campello, Ricardo JGB and Hruschka, Eduardo R},
  journal={Statistical analysis and data mining: the ASA data science journal},
  volume={3},
  number={4},
  pages={209--235},
  year={2010},
  publisher={Wiley Online Library}
}

@article{handl2005computational,
  title={Computational cluster validation in post-genomic data analysis},
  author={Handl, Julia and Knowles, Joshua and Kell, Douglas B},
  journal={Bioinformatics},
  volume={21},
  number={15},
  pages={3201--3212},
  year={2005},
  publisher={Oxford University Press}
}

@article{bezdek1998some,
  title={Some new indexes of cluster validity},
  author={Bezdek, James C and Pal, Nikhil R},
  journal={IEEE Transactions on Systems, Man, and Cybernetics, Part B (Cybernetics)},
  volume={28},
  number={3},
  pages={301--315},
  year={1998},
  publisher={IEEE}
}

@article{halkidi2002cluster,
  title={Cluster validity methods: part I},
  author={Halkidi, Maria and Batistakis, Yannis and Vazirgiannis, Michalis},
  journal={ACM Sigmod Record},
  volume={31},
  number={2},
  pages={40--45},
  year={2002},
  publisher={ACM New York, NY, USA}
}

@article{halkidi2002clustering,
  title={Clustering validity checking methods: Part II},
  author={Halkidi, Maria and Batistakis, Yannis and Vazirgiannis, Michalis},
  journal={ACM Sigmod Record},
  volume={31},
  number={3},
  pages={19--27},
  year={2002},
  publisher={ACM New York, NY, USA}
}

@Article{Brun07,
  Title                    = {Model-based evaluation of clustering validation measures},
  Author                   = {Marcel Brun and Chao Sima and Jianping Hua and James Lowey and Brent Carroll and Edward Suh and Edward R. Dougherty},
  Journal                  = {Pattern Recognition},
  Year                     = {2007},
  Number                   = {2007},
  Pages                    = {807-824},
  Volume                   = {40},

  Owner                    = {Danilo Araujo},
  Timestamp                = {2015.11.15}
}

@article{rousseeuw1987silhouettes,
  title={Silhouettes: a graphical aid to the interpretation and validation of cluster analysis},
  author={Rousseeuw, Peter J},
  journal={Journal of computational and applied mathematics},
  volume={20},
  pages={53--65},
  year={1987},
  publisher={Elsevier}
}

@article{palacio2019evaluation,
  title={Evaluation metrics for unsupervised learning algorithms},
  author={Palacio-Ni{\~n}o, Julio-Omar and Berzal, Fernando},
  journal={arXiv preprint arXiv:1905.05667},
  year={2019}
}

@Article{Dubes1987,
  Title                    = {How many clusters are best? An experiment},
  Author                   = {R. Dubes},
  Journal                  = {Pattern Recognition},
  Year                     = {1987},
  Number                   = {6},
  Pages                    = {645-663},
  Volume                   = {20},

  Owner                    = {Valmir Macário Filho},
  Timestamp                = {2009.04.26}
}

@Article{Milligan1986,
  Title                    = {A study of the comparability of external criteria for hierarchical cluster analysis},
  Author                   = {G. W. Milligan and M. C. Cooper},
  Journal                  = {Multivariate Behavorial Research},
  Year                     = {1986},
  Pages                    = {441-458},
  Volume                   = {21},

  Owner                    = {Valmir Macário Filho},
  Timestamp                = {2009.04.26}
}

@Book{Cover2006,
  Title                    = {Elements of Information Theory},
  Author                   = {Thomas M. Cover and Joy A. Thomas},
  Publisher                = {Wiley-Interscience},
  Year                     = {2006},
  Edition                  = {2},

  Owner                    = {Valmir},
  Timestamp                = {2015.01.09}
}

@Article{Strehl2002,
  Title                    = {Cluster Ensembles - A Knowledge Reuse Framework for Combining Multiple Partitions},
  Author                   = {Alexander Strehl and Joydeep Ghosh},
  Journal                  = {Journal of Machine Learning Research},
  Year                     = {2002},
  Number                   = {3},
  Pages                    = {583--617},

  Owner                    = {Valmir},
  Timestamp                = {2014.05.02}
}

@Book{Breiman1984,
  Title                    = {Classification and Regression Trees},
  Author                   = {L. Breiman and J. Friedman and C.J. Stone and R.A. Olshen},
  Publisher                = {Chapman and Hall/CRC},
  Year                     = {1984},

  Address                  = {Boca Raton},

  Owner                    = {Valmir},
  Timestamp                = {2012.01.16}
}




@article{tibshirani2001estimating,
  title={Estimating the number of clusters in a data set via the gap statistic},
  author={Tibshirani, Robert and Walther, Guenther and Hastie, Trevor},
  journal={Journal of the Royal Statistical Society: Series B (Statistical Methodology)},
  volume={63},
  number={2},
  pages={411--423},
  year={2001},
  publisher={Wiley Online Library}
}

@article{pal1995cluster,
  title={On cluster validity for the fuzzy c-means model},
  author={Pal, Nikhil R and Bezdek, James C},
  journal={IEEE Transactions on Fuzzy systems},
  volume={3},
  number={3},
  pages={370--379},
  year={1995},
  publisher={IEEE}
}

@article{pakhira2004validity,
  title={Validity index for crisp and fuzzy clusters},
  author={Pakhira, Malay K and Bandyopadhyay, Sanghamitra and Maulik, Ujjwal},
  journal={Pattern recognition},
  volume={37},
  number={3},
  pages={487--501},
  year={2004},
  publisher={Elsevier}
}

